% Encoding: UTF-8
%Besipiel
@Book{digitaleBildverarbeitung,
  title         = {Digitale Bildverarbeitung - Eine alogrithmische Einführung mit Java},
  publisher     = {Springer-Verlag Berlin Heidelberg},
  year          = {2015},
  author        = {Wilhelm Burger, Mark James Burge},
  file          = {:2015_Book_DigitaleBildverarbeitung_Algos.pdf:PDF},
  keywords      = {Algorithmen Bildanalyse Bildrauschen Colorimetrie Digitale Bildverarbeitung Farbfilter Gammakorrektur Glättung Hough-Transformation}
}
